%YAML 1.1
%TAG !u! tag:unity3d.com,2011:
--- !u!1 &283701260
GameObject:
  m_ObjectHideFlags: 0
  m_CorrespondingSourceObject: {fileID: 0}
  m_PrefabInstance: {fileID: 0}
  m_PrefabAsset: {fileID: 0}
  serializedVersion: 6
  m_Component:
  - component: {fileID: 283701261}
  - component: {fileID: 283701262}
  - component: {fileID: 283701263}
  m_Layer: 2
  m_Name: Trigger
  m_TagString: Untagged
  m_Icon: {fileID: 0}
  m_NavMeshLayer: 0
  m_StaticEditorFlags: 0
  m_IsActive: 1
--- !u!4 &283701261
Transform:
  m_ObjectHideFlags: 0
  m_CorrespondingSourceObject: {fileID: 0}
  m_PrefabInstance: {fileID: 0}
  m_PrefabAsset: {fileID: 0}
  m_GameObject: {fileID: 283701260}
  m_LocalRotation: {x: 0, y: 0, z: 0, w: 1}
  m_LocalPosition: {x: 0, y: 0, z: 0}
  m_LocalScale: {x: 2.5, y: 2.5, z: 1}
  m_Children: []
  m_Father: {fileID: 6006495443727371498}
  m_RootOrder: 0
  m_LocalEulerAnglesHint: {x: 0, y: 0, z: 0}
--- !u!65 &283701262
BoxCollider:
  m_ObjectHideFlags: 0
  m_CorrespondingSourceObject: {fileID: 0}
  m_PrefabInstance: {fileID: 0}
  m_PrefabAsset: {fileID: 0}
  m_GameObject: {fileID: 283701260}
  m_Material: {fileID: 0}
  m_IsTrigger: 1
  m_Enabled: 1
  serializedVersion: 2
  m_Size: {x: 1, y: 1, z: 1}
  m_Center: {x: 0, y: 0, z: 0}
--- !u!114 &283701263
MonoBehaviour:
  m_ObjectHideFlags: 0
  m_CorrespondingSourceObject: {fileID: 0}
  m_PrefabInstance: {fileID: 0}
  m_PrefabAsset: {fileID: 0}
  m_GameObject: {fileID: 283701260}
  m_Enabled: 1
  m_EditorHideFlags: 0
  m_Script: {fileID: 11500000, guid: 9ea381fc2ea3013479b8bde3eb2fe905, type: 3}
  m_Name: 
  m_EditorClassIdentifier: 
  tipo: balas
--- !u!54 &992615543750044544
Rigidbody:
  m_ObjectHideFlags: 0
  m_CorrespondingSourceObject: {fileID: 0}
  m_PrefabInstance: {fileID: 0}
  m_PrefabAsset: {fileID: 0}
  m_GameObject: {fileID: 6006495443726946506}
  serializedVersion: 2
  m_Mass: 1
  m_Drag: 0
  m_AngularDrag: 0.05
  m_UseGravity: 1
  m_IsKinematic: 0
  m_Interpolate: 0
  m_Constraints: 0
  m_CollisionDetection: 0
--- !u!65 &991073709
BoxCollider:
  m_ObjectHideFlags: 0
  m_CorrespondingSourceObject: {fileID: 0}
  m_PrefabInstance: {fileID: 0}
  m_PrefabAsset: {fileID: 0}
  m_GameObject: {fileID: 6006495443726946506}
  m_Material: {fileID: 0}
  m_IsTrigger: 0
  m_Enabled: 1
  serializedVersion: 2
  m_Size: {x: 0.6021075, y: 0.725972, z: 0.3346485}
  m_Center: {x: 0, y: 0.00000002980233, z: 0}
--- !u!1001 &6006495443726980714
PrefabInstance:
  m_ObjectHideFlags: 0
  serializedVersion: 2
  m_Modification:
    m_TransformParent: {fileID: 0}
    m_Modifications:
    - target: {fileID: 100000, guid: 5c07fbfc021765b46bcd6299bdd3313c, type: 3}
      propertyPath: m_Name
      value: Municion
      objectReference: {fileID: 0}
    - target: {fileID: 400000, guid: 5c07fbfc021765b46bcd6299bdd3313c, type: 3}
      propertyPath: m_LocalPosition.x
      value: 878.62
      objectReference: {fileID: 0}
    - target: {fileID: 400000, guid: 5c07fbfc021765b46bcd6299bdd3313c, type: 3}
      propertyPath: m_LocalPosition.y
      value: 0.16732448
      objectReference: {fileID: 0}
    - target: {fileID: 400000, guid: 5c07fbfc021765b46bcd6299bdd3313c, type: 3}
      propertyPath: m_LocalPosition.z
      value: 900.11224
      objectReference: {fileID: 0}
    - target: {fileID: 400000, guid: 5c07fbfc021765b46bcd6299bdd3313c, type: 3}
      propertyPath: m_LocalRotation.x
      value: -0.7071068
      objectReference: {fileID: 0}
    - target: {fileID: 400000, guid: 5c07fbfc021765b46bcd6299bdd3313c, type: 3}
      propertyPath: m_LocalRotation.y
      value: 0
      objectReference: {fileID: 0}
    - target: {fileID: 400000, guid: 5c07fbfc021765b46bcd6299bdd3313c, type: 3}
      propertyPath: m_LocalRotation.z
      value: -0
      objectReference: {fileID: 0}
    - target: {fileID: 400000, guid: 5c07fbfc021765b46bcd6299bdd3313c, type: 3}
      propertyPath: m_LocalRotation.w
      value: 0.7071068
      objectReference: {fileID: 0}
    - target: {fileID: 400000, guid: 5c07fbfc021765b46bcd6299bdd3313c, type: 3}
      propertyPath: m_RootOrder
      value: 0
      objectReference: {fileID: 0}
    - target: {fileID: 400000, guid: 5c07fbfc021765b46bcd6299bdd3313c, type: 3}
      propertyPath: m_LocalEulerAnglesHint.x
      value: 0
      objectReference: {fileID: 0}
    - target: {fileID: 400000, guid: 5c07fbfc021765b46bcd6299bdd3313c, type: 3}
      propertyPath: m_LocalEulerAnglesHint.y
      value: 0
      objectReference: {fileID: 0}
    - target: {fileID: 400000, guid: 5c07fbfc021765b46bcd6299bdd3313c, type: 3}
      propertyPath: m_LocalEulerAnglesHint.z
      value: 0
      objectReference: {fileID: 0}
    m_RemovedComponents: []
  m_SourcePrefab: {fileID: 100100000, guid: 5c07fbfc021765b46bcd6299bdd3313c, type: 3}
--- !u!1 &6006495443726946506 stripped
GameObject:
  m_CorrespondingSourceObject: {fileID: 100000, guid: 5c07fbfc021765b46bcd6299bdd3313c,
    type: 3}
  m_PrefabInstance: {fileID: 6006495443726980714}
  m_PrefabAsset: {fileID: 0}
--- !u!4 &6006495443727371498 stripped
Transform:
  m_CorrespondingSourceObject: {fileID: 400000, guid: 5c07fbfc021765b46bcd6299bdd3313c,
    type: 3}
  m_PrefabInstance: {fileID: 6006495443726980714}
  m_PrefabAsset: {fileID: 0}
